<record><leader>00000cas a22000007i 4500</leader><controlfield tag="001">884361588</controlfield><controlfield tag="008">140722c20149999inudn n       0   a0eng  </controlfield><datafield ind1=" " ind2=" " tag="010"><subfield code="a">  2014203024</subfield></datafield><datafield ind1=" " ind2=" " tag="040"><subfield code="a">DLC</subfield><subfield code="e">rda</subfield><subfield code="c">DLC</subfield><subfield code="b">eng</subfield><subfield code="d">DLC</subfield></datafield><datafield ind1=" " ind2=" " tag="012"><subfield code="m">1</subfield></datafield><datafield ind1="0" ind2=" " tag="022"><subfield code="a">2374-0345</subfield><subfield code="2">1</subfield></datafield><datafield ind1=" " ind2=" " tag="032"><subfield code="a">299860</subfield><subfield code="b">USPS</subfield></datafield><datafield ind1=" " ind2=" " tag="037"><subfield code="b">701 State Street, La Porte, IN 46350-3328</subfield></datafield><datafield ind1=" " ind2=" " tag="042"><subfield code="a">nsdp</subfield><subfield code="a">pcc</subfield></datafield><datafield ind1="1" ind2="0" tag="050"><subfield code="a">ISSN RECORD</subfield></datafield><datafield ind1="1" ind2="0" tag="082"><subfield code="a">070</subfield><subfield code="2">23</subfield></datafield><datafield ind1=" " ind2="4" tag="222"><subfield code="a">The La Porte County Herald-Argus</subfield></datafield><datafield ind1="0" ind2="4" tag="245"><subfield code="a">The La Porte County Herald-Argus.</subfield></datafield><datafield ind1=" " ind2="1" tag="264"><subfield code="a">La Porte, IN :</subfield><subfield code="b">La Porte County Herald-Argus,</subfield><subfield code="c">2014-</subfield></datafield><datafield ind1=" " ind2=" " tag="310"><subfield code="a">Daily except Sundays, Tuesdays and holidays</subfield></datafield><datafield ind1=" " ind2=" " tag="336"><subfield code="a">text</subfield><subfield code="b">txt</subfield><subfield code="2">rdacontent</subfield></datafield><datafield ind1=" " ind2=" " tag="337"><subfield code="a">unmediated</subfield><subfield code="b">n</subfield><subfield code="2">rdamedia</subfield></datafield><datafield ind1=" " ind2=" " tag="338"><subfield code="a">volume</subfield><subfield code="b">nc</subfield><subfield code="2">rdacarrier</subfield></datafield><datafield ind1="1" ind2=" " tag="362"><subfield code="a">Began with: Vol. 127, No. 182 (July 7, 2014)</subfield></datafield><datafield ind1=" " ind2=" " tag="588"><subfield code="a">Description based on: Vol. 127, 182 (July 7, 2014) (surrogate); title from caption.</subfield></datafield><datafield ind1=" " ind2=" " tag="588"><subfield code="a">Latest issue consulted: Vol. 127, 182 (July 7, 2014) (surrogate).</subfield></datafield><datafield ind1="0" ind2="0" tag="780"><subfield code="t">La Porte Herald-Argus</subfield><subfield code="w">(DLC)sn 82014732</subfield><subfield code="w">(OCoLC)8786946</subfield></datafield></record>